@article{Carette2009finally,
  title     = {Finally tagless, partially evaluated: Tagless staged interpreters for simpler typed languages},
  author    = {Carette, Jacques and Kiselyov, Oleg and Shan, Chung-chieh},
  journal   = {Journal of Functional Programming},
  volume    = {19},
  number    = {5},
  pages     = {509--543},
  year      = {2009},
  publisher = {Cambridge University Press}
}

% NOTE: Drasil2021 reference with "software" type doesn't appear to work!
@misc{Drasil2021,
  author  = {Carette, Jacques and Smith, Spencer and Balaci, Jason and Hunt, Anthony and Wu, Ting-Yu and Crawford, Samuel and Chen, Dong and Szymczak, Dan and MacLachlan, Brooks and Scime, Dan and Niazi, Maryyam},
  license = {BSD-2-Clause},
  month   = {2},
  title   = {{Drasil}},
  url     = {https://github.com/JacquesCarette/Drasil/tree/v0.1-alpha},
  version = {v0.1-alpha},
  year    = {2021}
}

@inproceedings{DrasilPositionPaper,
  author    = {Szymczak, Dan and Smith, Spencer and Carette, Jacques},
  booktitle = {2016 IEEE/ACM International Workshop on Software Engineering for Science (SE4Science)},
  title     = {POSITION PAPER: A Knowledge-Based Approach to Scientific Software Development},
  year      = {2016},
  volume    = {},
  number    = {},
  pages     = {23-26},
  doi       = {}
}

@misc{KnowledgeCapture2021,
  author    = {Carette, Jacques and Smith, Spencer and Balaci, Jason},
  month     = {Oct},
  title     = {Pending Publication: When Capturing Knowledge Improves Productivity},
  url       = {https://github.com/JacquesCarette/Drasil/blob/NIER2021/Papers/WellUnderstood/wu.pdf},
  year      = {2021},
  publisher = {Pending Publication},
  journal   = {Pending Publication},
  volume    = {Pending Publication},
  number    = {Pending Publication}
}

@misc{YggdrasilWiki2021,
  key       = {Yggdrasil - Wikipedia},
  title     = {Yggdrasil},
  url       = {https://en.wikipedia.org/wiki/Yggdrasil},
  journal   = {Wikipedia},
  publisher = {Wikimedia Foundation},
  year      = {2021},
  month     = {Sep}
}
