@inproceedings{DrasilPositionPaper,
  author    = {Szymczak, Dan and Smith, Spencer and Carette, Jacques},
  booktitle = {2016 IEEE/ACM International Workshop on Software Engineering for Science (SE4Science)},
  title     = {POSITION PAPER: A Knowledge-Based Approach to Scientific Software Development},
  year      = {2016},
  volume    = {},
  number    = {},
  pages     = {23-26},
  doi       = {}
}

@article{Carette2009finally,
  title={Finally tagless, partially evaluated: Tagless staged interpreters for simpler typed languages},
  author={Carette, Jacques and Kiselyov, Oleg and Shan, Chung-chieh},
  journal={Journal of Functional Programming},
  volume={19},
  number={5},
  pages={509--543},
  year={2009},
  publisher={Cambridge University Press}
}
